% references for the analysis chapter

@article{Sakumoto92TeVMuonMeasure,
    author      = {Sakumoto, W. K. and others},
    title       = {A Measurement of TeV muon energy loss in iron},
    journal     = {Physical Review D},
    volume      = 45,
    pages       = 3042,
    year        = 1992,
    doi         = {10.1103/PhysRevD.45.3042}
}

@article{Amaral01MuonMeasure,
    author      = {Amaral, P. and others},
    authortype  = {ATLAS TileCal Collaboration},
    title       = {A precise measurement of 180 GeV muon energy losses in iron},
    journal     = {European Physical Journal C},
    volume      = 20,
    pages       = {487-495},
    year        = 2001,
    doi         = {10.1007/s100520100645}
}

@article{Hoinka19ICRC,
    author      = {Hoinka, Tobias and Soedingrekso, Jan and B\"orner, Mathis},
    authortype  = {IceCube Collaboration},
    title       = {Model-independent Measurement of the Atmospheric Muon Neutrino Energy Spectrum up to 2.5 PeV},
    journal     = {Proceedings of Science},
    issuetitle  = {Proceedings of the 36th International Cosmic Ray Conference (ICRC 2019), Madison},
    volume      = 358,
    number      = {912},
    year        = 2019,
    eprint      = {1909.05129},
    eprinttype  = {arXiv},
    doi         = {10.22323/1.358.0912}
}

@article{Soedingrekso20ICPPA,
    author      = {Soedingrekso, Jan and others},
    title       = {Feasibility study to measure the muon bremsstrahlung cross section with the energy loss profile using neutrino telescopes},
    journal     = {Journal of Physics: Conference Series},
    issuetitle  = {Proceedings of the 5th International Conference on Particle Physics and Astrophysics (ICPPA 2020), Moscow},
    volume      = 1690,
    pages       = {012020},
    year        = 2020,
    doi         = {10.1088/1742-6596/1690/1/012020}
}
