% references for the muon detection techniques

% neutrino oscillation discovery
@article{SNO01Oscillation,
    author      = {Ahmad, Q. R. and others},
    authortype  = {SNO Collaboration},
    title       = {Measurement of the rate of $\nu_e+d \to p+p+e^-$ interactions produced by $^8B$ solar neutrinos at the Sudbury Neutrino Observatory},
    journal     = {Physical Review Letters},
    year        = 2001,
    volume      = 87,
    pages       = {071301},
    eprint      = {nucl-ex/0106015},
    eprinttype  = {arXiv},
    doi         = {10.1103/PhysRevLett.87.071301}
}

@article{SK98Oscillation,
    author      = {Fukuda, Y. and others},
    authortype  = {Super-Kamiokande Collaboration},
    title       = {Evidence for oscillation of atmospheric neutrinos},
    journal     = {Physical Review Letters},
    year        = 1998,
    volume      = 81,
    pages       = {1562-1567},
    eprint      = {hep-ex/9807003},
    eprinttype  = {arXiv},
    doi         = {10.1103/PhysRevLett.81.1562}
}

%
% detection methods
%

@article{Cherenkov34,
    author      = {Cherenkov, Pavel Alekseyevich},
    title       = {Visible emission of clean liquids by action of $\gamma$ radiation},
    journal     = {Doklady Akademii Nauk SSSR},
    year        = 1934,
    volume      = 2,
    pages       = {451-454},
    note        = {in Russian}
}

@article{FrankTamm37,
    author      = {Frank, Ilya Mikhailovich and Tamm, Igor Yevgenyevich},
    title       = {Coherent Visible Radiation of Fast Electrons Passing through Matter},
    journal     = {Doklady Akademii Nauk SSSR},
    year        = 1937,
    volume      = 14,
    pages       = {107–113}
}

@article{Askaryan62,
    author      = {Askar'yan, Gurgen Ashotovich},
    title       = {Excess Negative Charge of an Electron-Photon Shower and its Coherent Radio Emission},
    journal     = {Journal of Experimental and Theoretical Physics},
    year        = 1962,
    volume      = 14,
    pages       = {441-443}
}

@article{Keilhauer12Fluorescence,
    author      = {Keilhauer, Bianca and others},
    title       = {Nitrogen fluorescence in air for observing extensive air showers},
    journal     = {EPJ Web of Conferences},
    issuetitle  = {Proceedings of the 2nd International Symposium on Future Directions in UHECR Physics (UHECR 2012), Geneva},
    volume      = 53,
    pages       = {01010},
    year        = 2013,
    eprint      = {1210.1319},
    eprinttype  = {arXiv},
    doi         = {10.1051/epjconf/20135301010}
}

@article{Pollmann19Luminescence,
    author      = {Pollmann, Anna and Pieper, Sarah},
    authortype  = {IceCube Collaboration},
    title       = {Enabling a new detection channel for beyond standard model physics with in-situ measurements of ice luminescence},
    journal     = {Proceedings of Science},
    issuetitle  = {Proceedings of the 36th International Cosmic Ray Conference (ICRC 2019), Madison},
    volume      = 358,
    number      = {983},
    year        = 2019,
    eprint      = {1908.07231},
    eprinttype  = {arXiv}
}

@article{Askaryan57Acoustic,
    author      = {Askar'yan, Gurgen Ashotovich},
    title       = {Hydrodynamic radiation from the tracks of ionizing particles in stable liquids},
    journal     = {The Soviet Journal of Atomic Energy},
    volume      = 3,
    pages       = {921–923},
    year        = 1957,
    doi         = {10.1007/BF01480076}
}

@article{Lahmann16Acustic,
    author      = {Lahmann, Robert},
    title       = {Acoustic detection of high energy neutrinos in sea water: status and prospects},
    journal     = {EPJ Web of Conferences},
    issuetitle  = {Proceedings of the 7th International Workshop on Acoustic and Radio EeV Neutrino Detection Activities (ARENA 2016), Groningen},
    volume      = 135,
    number      = {06001},
    year        = 2017,
    doi         = {10.1051/epjconf/201713506001}
}

%
% cosmic ray detectors
%

@article{HAWC17,
    author      = {Abeysekara, A. U. and others},
    authortype  = {HAWC Collaboration},
    title       = {Observation of the Crab Nebula with the HAWC Gamma-Ray Observatory},
    journal     = {Astrophysical Journal},
    year        = 2017,
    volume      = 843,
    pages       = {39},
    eprint      = {1701.01778},
    eprinttype  = {arXiv},
    doi         = {10.3847/1538-4357/aa7555}
}

@article{HAWC17CRSpectrum,
    author      = {Alfaro, R. and others},
    authortype  = {HAWC Collaboration},
    title       = {All-particle cosmic ray energy spectrum measured by the HAWC experiment from 10 to 500 TeV},
    journal     = {Physical Review D},
    year        = 2017,
    volume      = 96,
    pages       = {122001},
    eprint      = {1710.00890},
    eprinttype  = {arXiv},
    doi         = {10.1103/PhysRevD.96.122001}
}

@online{LHAASO19,
    author      = {Bai, X. and others},
    authortype  = {LHAASO Collaboration},
    title       = {The Large High Altitude Air Shower Observatory (LHAASO) Science White Paper},
    year        = 2019,
    eprint      = {1905.02773},
    eprinttype  = {arXiv}
}

@article{SWGO19,
    author      = {Schoorlemmer, Harm},
    authortype  = {SWGO Collaboration},
    title       = {A next-generation ground-based wide field-of-view gamma-ray observatory in the southern hemisphere},
    journal     = {Proceedings of Science},
    issuetitle  = {Proceedings of the 36th International Cosmic Ray Conference (ICRC 2019), Madison},
    volume      = 358,
    number      = {785},
    year        = 2019,
    eprint      = {1908.08858},
    eprinttype  = {arXiv}
}

@book{CTA19Science,
    author      = {Acharya, B. S. and others},
    authortype  = {CTA Consortium},
    title       = {Science with the Cherenkov Telescope Array},
    year        = 2019,
    publisher   = {World Scientific},
    isbn        = {978-981-3270-08-4},
    eprint      = {1709.07997},
    eprinttype  = {arXiv},
    doi         = {10.1142/10986}
}

@article{HESS20,
    author      = {Ashton, T. and others},
    authortype  = {HESS Collaboration},
    title       = {A NECTAr-based upgrade for the Cherenkov cameras of the H.E.S.S. 12-meter telescopes},
    journal     = {Astroparticle Physics},
    year        = 2020,
    volume      = 118,
    pages       = {102425},
    eprint      = {2001.04510},
    eprinttype  = {arXiv},
    doi         = {10.1016/j.astropartphys.2019.102425}
}

@article{MAGIC16I,
    author      = {Aleksić, J. and others},
    authortype  = {MAGIC Collaboration},
    title       = {The major upgrade of the MAGIC telescopes, Part I: The hardware improvements and the commissioning of the system},
    journal     = {Astroparticle Physics},
    year        = 2016,
    volume      = 72,
    pages       = {61-75},
    eprint      = {1409.6073},
    eprinttype  = {arXiv},
    doi         = {10.1016/j.astropartphys.2015.04.004}
}

@article{MAGIC16II,
    author      = {Aleksić, J. and others},
    authortype  = {MAGIC Collaboration},
    title       = {The major upgrade of the MAGIC telescopes, Part II: A performance study using observations of the Crab Nebula},
    journal     = {Astroparticle Physics},
    year        = 2016,
    volume      = 72,
    pages       = {76-94},
    eprint      = {1409.5594},
    eprinttype  = {arXiv},
    doi         = {10.1016/j.astropartphys.2015.02.005}
}

@article{VERITAS15Science,
    author      = {Staszak, D. and others},
    authortype  = {VERITAS Collaboration},
    title       = {Science Highlights from VERITAS},
    journal     = {Proceedings of Science},
    issuetitle  = {Proceedings of the 34th International Cosmic Ray Conference (ICRC 2015), The Hague},
    volume      = 236,
    number      = {868},
    year        = 2016,
    eprint      = {1510.01269},
    eprinttype  = {arXiv},
    doi         = {10.22323/1.236.0868}
}

@article{Mitchell19MuonIACT,
    author      = {Mitchell, Alison M.W. and Dembinski, Hans Peter and Parsons, R. D.},
    title       = {Potential for measuring the longitudinal and lateral profile of muons in TeV air showers with IACTs},
    journal     = {Astrophysical Journal},
    year        = 2019,
    volume      = 111,
    pages       = {23-34},
    eprint      = {1903.12040},
    eprinttype  = {arXiv},
    doi         = {10.1016/j.astropartphys.2019.03.005}
}

@article{TA12FD,
    author      = {Tokuno, H. and others},
    authortype  = {Telescope Array Collaboration},
    title       = {New air fluorescence detectors employed in the Telescope Array experiment},
    journal     = {Nuclear Instruments and Methods in Physics Research Section A},
    year        = 2012,
    volume      = 676,
    pages       = {54-65},
    eprint      = {1201.0002},
    eprinttype  = {arXiv},
    doi         = {10.1016/j.nima.2012.02.044}
}

@article{TA13SD,
    author      = {Abu-Zayyad, T. and others},
    authortype  = {Telescope Array Collaboration},
    title       = {The surface detector array of the Telescope Array experiment},
    journal     = {Nuclear Instruments and Methods in Physics Research Section A},
    year        = 2013,
    volume      = 689,
    pages       = {87-97},
    eprint      = {1201.4964},
    eprinttype  = {arXiv},
    doi         = {10.1016/j.nima.2012.05.079}
}

@article{Auger15,
    author      = {Aab, Alexander and others},
    authortype  = {Pierre Auger Collaboration},
    title       = {The Pierre Auger Cosmic Ray Observatory},
    journal     = {Nuclear Instruments and Methods in Physics Research Section A},
    year        = 2015,
    volume      = 798,
    pages       = {172-213},
    eprint      = {1502.01323},
    eprinttype  = {arXiv},
    doi         = {10.1016/j.nima.2015.06.058}
}

@online{Auger16Prime,
    author      = {Aab, Alexander and others},
    authortype  = {Pierre Auger Collaboration},
    title       = {The Pierre Auger Observatory Upgrade - Preliminary Design Report},
    year        = 2016,
    eprint      = {1604.03637},
    eprinttype  = {arXiv}
}

@article{Castellina19Prime,
    author      = {Castellina, Antonella},
    authortype  = {Pierre Auger Collaboration},
    title       = {AugerPrime: the Pierre Auger Observatory Upgrade},
    journal     = {EPJ Web of Conferences},
    issuetitle  = {Proceedings of the 5th international symposium on Ultra High Energy Cosmic Rays (UHECR 2018) , Paris},
    volume      = 210,
    pages       = {06002},
    year        = 2019,
    eprint      = {1905.04472},
    eprinttype  = {arXiv},
    doi         = {10.1051/epjconf/201921006002}
}

@article{Gaisser16Auger,
    author      = {Gaisser, Thomas K.},
    title       = {Cosmic-Ray Showers Reveal Muon Mystery},
    journal     = {Physics},
    year        = 2016,
    volume      = 9,
    pages       = {125},
    doi         = {10.1103/Physics.9.125}
}

%
% dedicated for muons
%

@article{NEVOD15,
    author      = {Petrukhin, Anatoly Afanasievich},
    authortype  = {NEVOD Collaboration},
    title       = {Cherenkov water detector NEVOD},
    journal     = {Physics-Uspekhi},
    year        = 2015,
    volume      = 58,
    pages       = {486-494},
    doi         = {10.3367/UFNe.0185.201505i.0521}
}

@article{NEVOD18,
    author      = {Bogdanov, A. G.},
    authortype  = {NEVOD Collaboration},
    title       = {Investigation of very high energy cosmic rays by means of inclined muon bundles},
    journal     = {Astrophysical Physics},
    year        = 2018,
    volume      = 98,
    pages       = {13-20},
    doi         = {10.1016/j.astropartphys.2018.01.003}
}

@article{Borozdin03,
    author      = {Borozdin, Konstantin N. and others},
    title       = {Radiographic imaging with cosmic-ray muons},
    journal     = {Nature},
    year        = 2003,
    volume      = 422,
    pages       = {277},
    doi         = {10.1038/422277a}
}

@article{Tanaka09,
    author      = {Tanaka, Hiroyuki K. M. and others},
    title       = {Detecting a mass change inside a volcano by cosmic-ray muon radiography (muography): First results from measurements at Asama volcano, Japan},
    journal     = {Geophysical Research Letters},
    year        = 2009,
    volume      = 36,
    pages       = {L17302},
    doi         = {10.1029/2009GL039448}
}

@article{Morishima17,
    author      = {Morishima, Kunihiro and others},
    title       = {Discovery of a big void in Khufu's Pyramid by observation of cosmic-ray muons},
    journal     = {Nature},
    year        = 2017,
    volume      = 552,
    pages       = {386-390},
    eprint      = {1711.01576},
    eprinttype  = {arXiv},
    doi         = {10.1038/nature24647}
}

@article{Bonechi19,
    author      = {Bonechi, Lorenzo and D'Alessandro, Raffaello and Giammanco, Andrea},
    title       = {Atmospheric muons as an imaging tool},
    journal     = {Reviews in Physics},
    year        = 2020,
    volume      = 5,
    pages       = {100038},
    eprint      = {1906.03934},
    eprinttype  = {arXiv},
    doi         = {10.1016/j.revip.2020.100038}
}

@article{Amole19PICO,
    author      = {Amole, C. and others},
    authortype  = {PICO Collaboration},
    title       = {Dark Matter Search Results from the Complete Exposure of the PICO-60 C$_3$F$_8$ Bubble Chamber},
    journal     = {Physical Review D},
    year        = 2019,
    volume      = 100,
    pages       = {022001},
    eprint      = {1902.04031},
    eprinttype  = {arXiv},
    doi         = {10.1103/PhysRevD.100.022001}
}

@article{Frejus95nu,
    author      = {Daum, Karin and others},
    authortype  = {Fr\'{e}jus Collaboration},
    title       = {Determination of the atmospheric neutrino spectra with the Fr\'{e}jus detector},
    journal     = {Zeitschrift für Physik C},
    year        = 1995,
    volume      = 66,
    pages       = {417-428},
    doi         = {10.1007/BF01556368}
}

%
% neutrino telescopes
%

@online{HyperKamiokande18,
    author      = {Abe, K. and others},
    authortype  = {Hyper-Kamiokande Collaboration},
    title       = {Hyper-Kamiokande Design Report},
    year        = 2018,
    eprint      = {1805.04163},
    eprinttype  = {arXiv}
}

@online{SNO20,
    author      = {Anderson, M. R. and others},
    authortype  = {SNO+ Collaboration},
    title       = {Development, characterisation, and deployment of the SNO+ liquid scintillator},
    year        = 2020,
    eprint      = {2011.12924},
    eprinttype  = {arXiv}
}

@article{JUNO19,
    author      = {Cao, De-Wen and others},
    authortype  = {JUNO Collaboration},
    title       = {Light Absorption Properties of the High Quality Linear Alkylbenzene for the JUNO Experiment},
    journal     = {Nuclear Instruments and Methods in Physics Research Section A},
    year        = 2019,
    volume      = 927,
    pages       = {230-235},
    eprint      = {1801.08363},
    eprinttype  = {arXiv},
    doi         = {10.1016/j.nima.2019.01.077}
}

@article{Borexino09,
    author      = {Alimonti, G. and others},
    authortype  = {BOREXINO Collaboration},
    title       = {The Borexino detector at the Laboratori Nazionali del Gran Sasso},
    journal     = {Nuclear Instruments and Methods in Physics Research Section A},
    year        = 2009,
    volume      = 600,
    pages       = {568-593},
    eprint      = {0806.2400},
    eprinttype  = {arXiv},
    doi         = {10.1016/j.nima.2008.11.076}
}

@article{Baikal97,
    author      = {Belolaptikov, I. A. and others},
    authortype  = {BAIKAL Collaboration},
    title       = {The Baikal underwater neutrino telescope: Design, performance, and first results},
    journal     = {Astroparticle Physics},
    year        = 1997,
    volume      = 7,
    pages       = {263-282},
    doi         = {10.1016/S0927-6505(97)00022-4}
}

@article{AMANDA99,
    author      = {Halzen, Francis and others},
    authortype  = {AMANDA Collaboration},
    title       = {The AMANDA neutrino telescope},
    journal     = {Nuclear Physics B - Proceedings Supplements},
    year        = 1999,
    volume      = 77,
    pages       = {474-485},
    eprint      = {hep-ex/9809025},
    eprinttype  = {arXiv},
    doi         = {10.1016/S0920-5632(99)00469-7}
}

@article{ANTARES11,
    author      = {Ageron, M. and others},
    authortype  = {ANTARES Collaboration},
    title       = {ANTARES: The first undersea neutrino telescope},
    journal     = {Nuclear Instruments and Methods in Physics Research Section A},
    year        = 2011,
    volume      = 656,
    pages       = {11-38},
    eprint      = {1104.1607},
    eprinttype  = {arXiv},
    doi         = {10.1016/j.nima.2011.06.103}
}

@article{KM3Net16,
    author      = {Adrián-Martínez, S. and others},
    authortype  = {KM3Net Collaboration},
    title       = {Letter of intent for KM3NeT 2.0},
    journal     = {Journal of Physics G: Nuclear and Particle Physics},
    year        = 2016,
    volume      = 43,
    pages       = {084001},
    eprint      = {2005.09493},
    eprinttype  = {arXiv},
    doi         = {10.1038/s41550-020-1182-4}
}

@article{IceCube17,
    author      = {Aartsen, Mark G. and others},
    authortype  = {IceCube Collaboration},
    title       = {The IceCube Neutrino Observatory: Instrumentation and Online Systems},
    journal     = {Journal of Instrumentation},
    year        = 2017,
    volume      = 12,
    pages       = {P03012},
    eprint      = {1612.05093},
    eprinttype  = {arXiv},
    doi         = {10.1088/1748-0221/12/03/P03012}
}

@article{IceCube19Upgrade,
    author      = {Ishihara, Aya},
    authortype  = {IceCube Collaboration},
    title       = {The IceCube Upgrade -- Design and Science Goals},
    journal     = {Proceedings of Science},
    issuetitle  = {Proceedings of the 36th International Cosmic Ray Conference (ICRC 2019), Madison},
    volume      = 358,
    number      = {1031},
    year        = 2019,
    eprint      = {1908.09441},
    eprinttype  = {arXiv}
}

@article{GVD19,
    author      = {Avrorin, A. D. and others},
    authortype  = {Baikal-GVD Collaboration},
    title       = {Neutrino Telescope in Lake Baikal: Present and Future},
    journal     = {Proceedings of Science},
    issuetitle  = {Proceedings of the 36th International Cosmic Ray Conference (ICRC 2019), Madison},
    volume      = 358,
    number      = {1011},
    year        = 2019,
    eprint      = {1908.05427},
    eprinttype  = {arXiv}
}

@online{IceCube20Gen2,
    author      = {Aartsen, Mark G. and others},
    authortype  = {IceCube-Gen2 Collaboration},
    title       = {IceCube-Gen2: The Window to the Extreme Universe},
    year        = 2020,
    eprint      = {2008.04323},
    eprinttype  = {arXiv}
}

@article{PONE20,
    author      = {Agostini, Matteo and others},
    authortype  = {P-ONE Collaboration},
    title       = {The Pacific Ocean Neutrino Experiment},
    journal     = {Nature Astronomy},
    year        = 2020,
    volume      = 4,
    pages       = {913–915},
    eprint      = {2005.09493},
    eprinttype  = {arXiv},
    doi         = {10.1038/s41550-020-1182-4}
}

@online{RNOG20,
    author      = {Aguilar, J. A. and others},
    authortype  = {RNO-G Collaboration},
    title       = {Design and Sensitivity of the Radio Neutrino Observatory in Greenland (RNO-G)},
    year        = 2020,
    eprint      = {2010.12279},
    eprinttype  = {arXiv}
}

%
% IceCube paper
%

@article{AMANDA2004Reco,
    author      = {Ahrens, J. and others},
    authortype  = {AMANDA Collaboration},
    title       = {Muon Track Reconstruction and Data Selection Techniques in AMANDA},
    journal     = {Nuclear Instruments and Methods in Physics Research Section A},
    volume      = 524,
    pages       = {169-194},
    year        = 2004,
    eprint      = {astro-ph/0407044},
    eprinttype  = {arXiv},
    doi         = {10.1016/j.nima.2004.01.065}
}

@misc{IceCubePics,
    author      = {IceCube},
    authortype  = {IceCube Collaboration/NSF},
    title       = {IceCube Gallery},
    url         = {https://gallery.icecube.wisc.edu/},
    year        = {2020},
}

@article{IceCube13AstroEvidence,
    author      = {Aartsen, Mark G. and others},
    authortype  = {IceCube Collaboration},
    title       = {Evidence for High-Energy Extraterrestrial Neutrinos at the IceCube Detector},
    journal     = {Science},
    year        = 2013,
    volume      = 342,
    pages       = {1242856},
    eprint      = {1311.5238},
    eprinttype  = {arXiv},
    doi         = {10.1126/science.1242856}
}

@article{IceCube2014Ereco,
    author      = {Aartsen, Mark G. and others},
    authortype  = {IceCube Collaboration},
    title       = {Energy Reconstruction Methods in the IceCube Neutrino Telescope},
    journal     = {Journal of Instrumentation},
    volume      = 9,
    pages       = {P03009},
    year        = 2014,
    eprint      = {1311.4767},
    eprinttype  = {arXiv},
    doi         = {10.1088/1748-0221/9/03/P03009}
}

@article{IceCube2016Aachen,
    author      = {Aartsen, Mark G. and others},
    authortype  = {IceCube Collaboration},
    title       = {Observation and Characterization of a Cosmic Muon Neutrino Flux from the Northern Hemisphere using six years of IceCube data},
    journal     = {Astrophysical Journal},
    volume      = 833,
    pages       = {3},
    year        = 2016,
    eprint      = {1607.08006},
    eprinttype  = {arXiv},
    doi         = {10.3847/0004-637X/833/1/3}
}

@inproceedings{Fuchs16ECRS,
    author      = {Fuchs, Tomasz},
    authortype  = {IceCube Collaboration},
    title       = {Development of a Machine Learning Based Analysis Chain for the Measurement of Atmospheric Muon Spectra with IceCube},
    eventtitle  = {Proceedings of the 25th European Cosmic Ray Symposium (ECRS 2016)},
    location    = {Turin, Italy},
    volume      = 4,
    year        = 2016,
    eprint      = {1701.04067},
    eprinttype  = {arXiv},
}

@article{Huennefeld17ICRC,
    author      = {Huennefeld, Mirco},
    authortype  = {IceCube Collaboration},
    title       = {Deep Learning in Physics exemplified by the Reconstruction of Muon-Neutrino Events in IceCube},
    journal     = {Proceedings of Science},
    issuetitle  = {Proceedings of the 35th International Cosmic Ray Conference (ICRC 2017), Busan},
    volume      = 301,
    number      = {1057},
    year        = 2017,
    doi         = {10.22323/1.301.1057}
}

@article{Steuer17ICRC,
    author      = {Steuer, Anna Katharina},
    authortype  = {IceCube Collaboration},
    title       = {Delayed light emission to distinguish astrophysical neutrino flavors in IceCube},
    journal     = {Proceedings of Science},
    issuetitle  = {Proceedings of the 35th International Cosmic Ray Conference (ICRC 2017), Busan},
    volume      = 301,
    number      = {1008},
    year        = 2017,
    doi         = {10.22323/1.301.1008}
}

@article{IceCube17BlazarStacking,
    author      = {Aartsen, Mark G. and others},
    authortype  = {IceCube Collaboration},
    title       = {The contribution of Fermi-2LAC blazars to the diffuse TeV-PeV neutrino flux},
    journal     = {Astrophysical Journal},
    year        = 2017,
    volume      = 835,
    pages       = {45},
    eprint      = {1611.03874},
    eprinttype  = {arXiv},
    doi         = {10.3847/1538-4357/835/1/45}
}

@article{IceCube18MMA,
    author      = {Aartsen, Mark G. and others},
    authortype  = {IceCube, Fermi-LAT, MAGIC, AGILE, ASAS-SN, HAWC, H.E.S.S., INTEGRAL, Kanata, Kiso, Kapteyn, Liverpool Telescope, Subaru, Swift NuSTAR, VERITAS, VLA/17B-403 Collaborations},
    title       = {Multi-messenger observations of a flaring blazar coincident with high-energy neutrino IceCube-170922A},
    journal     = {Science},
    year        = 2018,
    volume      = 361,
    pages       = {eaat1378},
    eprint      = {1807.08816},
    eprinttype  = {arXiv},
    doi         = {10.1126/science.aat1378}
}

@article{IceCube18TXS,
    author      = {Aartsen, Mark G. and others},
    authortype  = {IceCube Collaboration},
    title       = {Neutrino emission from the direction of the blazar TXS 0506+056 prior to the IceCube-170922A alert},
    journal     = {Science},
    year        = 2018,
    volume      = 361,
    pages       = {147-151},
    eprint      = {1807.08794},
    eprinttype  = {arXiv},
    doi         = {10.1126/science.aat2890}
}

@article{Soldin18ISVHECRI,
    author      = {Soldin, Dennis},
    authortype  = {IceCube Collaboration},
    title       = {Atmospheric Muons Measured with IceCube},
    journal     = {EPJ Web Conferences},
    issuetitle  = {Proceedings of the 26th International Symposium on Very High Energy Cosmic Ray Interactions (ISVHECRI 2018), Nagoya},
    volume      = 208,
    number      = {08007},
    year        = 2019,
    eprint      = {1811.03651},
    eprinttype  = {arXiv},
    doi         = {10.1051/epjconf/201920808007}
}

@article{Lu19ICRC,
    author      = {Lu, Lu and Haack, Christian and Yuan, Tian},
    authortype  = {IceCube Collaboration},
    title       = {A novel method of rejecting muon backgrounds for the detection of the highest energy neutrinos},
    journal     = {Proceedings of Science},
    issuetitle  = {Proceedings of the 36th International Cosmic Ray Conference (ICRC 2019), Madison},
    volume      = 358,
    number      = {945},
    year        = 2019
}

@article{Meier19ICRC,
    author      = {Meier, Max and Soedingrekso, Jan},
    authortype  = {IceCube Collaboration},
    title       = {Search for Astrophysical Tau Neutrinos with an Improved Double Pulse Method},
    journal     = {Proceedings of Science},
    issuetitle  = {Proceedings of the 36th International Cosmic Ray Conference (ICRC 2019), Madison},
    volume      = 358,
    number      = {960},
    year        = 2019,
    eprint      = {1909.05127},
    eprinttype  = {arXiv}
}

@article{Stettner19ICRC,
    author      = {Stettner, Jöran},
    authortype  = {IceCube Collaboration},
    title       = {Measurement of the diffuse astrophysical muon-neutrino spectrum with ten years of IceCube data},
    journal     = {Proceedings of Science},
    issuetitle  = {Proceedings of the 36th International Cosmic Ray Conference (ICRC 2019), Madison},
    volume      = 358,
    number      = {1017},
    year        = 2019,
    eprint      = {1908.09551},
    eprinttype  = {arXiv}
}

@online{IceCube20HeseTau,
    author      = {Abbasi, Rasha and others},
    authortype  = {IceCube Collaboration},
    title       = {Measurement of Astrophysical Tau Neutrinos in IceCube's High-Energy Starting Events},
    year        = 2020,
    eprint      = {2011.03561},
    eprinttype  = {arXiv}
}

@article{IceCube20Cascades,
    author      = {Aartsen, Mark G. and others},
    authortype  = {IceCube Collaboration},
    title       = {Characteristics of the diffuse astrophysical electron and tau neutrino flux with six years of IceCube high energy cascade data},
    journal     = {Physical Review Letters},
    year        = 2020,
    volume      = 125,
    pages       = {121104},
    eprint      = {2001.09520},
    eprinttype  = {arXiv},
    doi         = {10.1103/PhysRevLett.125.121104}
}

@article{IceCube20PointSource,
    author      = {Aartsen, Mark G. and others},
    authortype  = {IceCube Collaboration},
    title       = {Time-integrated Neutrino Source Searches with 10 years of IceCube Data},
    journal     = {Physical Review Letters},
    year        = 2020,
    volume      = 124,
    pages       = {051103},
    eprint      = {1910.08488},
    eprinttype  = {arXiv},
    doi         = {10.1103/PhysRevLett.124.051103}
}

@online{IceCube20DNN,
    author      = {Abbasi, Rasha and others},
    authortype  = {IceCube Collaboration},
    title       = {A Convolutional Neural Network based Cascade Reconstruction for the IceCube Neutrino Observatory},
    year        = 2021,
    eprint      = {2101.11589},
    eprinttype  = {arXiv}
}

@article{IceCube21Glashow,
    author      = {Aartsen, Mark G. and others},
    authortype  = {IceCube Collaboration},
    title       = {Detection of a particle shower at the Glashow resonance with IceCube},
    journal     = {Nature},
    year        = 2021,
    volume      = 591,
    pages       = {220-224},
    doi         = {10.1038/s41586-021-03256-1}
}

% theses

@phdthesis{Fuchs16PhD,
    author      = {Fuchs, Tomasz},
    title       = {Charmante Myonen im Eis},
    institution = {TU Dortmund},
    year        = 2016,
    doi         = {10.17877/DE290R-17241}
}

@thesis{Werthebach17Master,
    author      = {Werthebach, Johannes},
    title       = {Analyse hochenergetischer atmosphärischer Myonen mit IC86-II Daten des IceCube-Detektors},
    institution = {TU Dortmund},
    type        = {Master thesis},
    year        = 2017
}

@thesis{Huennefeld17Master,
    author      = {Huennefeld, Mirco},
    title       = {Online Reconstruction of Muon-Neutrino Events in IceCube using Deep Learning Techniques},
    institution = {TU Dortmund},
    type        = {Master thesis},
    year        = 2017
}

@thesis{Hoinka17Master,
    author      = {Hoinka, Tobias},
    title       = {Extraction and Analysis of Stopping Muons in IceCube Using Machine Learning},
    institution = {TU Dortmund},
    type        = {Master thesis},
    year        = 2017
}

@thesis{Ninfa19Master,
    author      = {Ninfa, Sebastiano},
    title       = {Reconstruction of the cosmic-ray spectrum based on stopping muons in IceCube},
    institution = {TU Dortmund},
    type        = {Master thesis},
    year        = 2019
}

@phdthesis{Rongen19PhD,
    author      = {Rongen, Martin},
    title       = {Calibration of the IceCube Neutrino Observatory},
    institution = {RWTH Aachen},
    year        = 2019,
    doi         = {10.18154/RWTH-2019-09941},
    eprint      = {1911.02016},
    eprinttype  = {arXiv}
}

% glacial ice

@article{Icecube06ice,
    author      = {Ackermann, M. and others},
    authortype  = {AMANDA Collaboration},
    title       = {Optical properties of deep glacial ice at the South Pole},
    journal     = {Journal of Geophysical Research},
    volume      = 111,
    pages       = {D13203},
    year        = 2006,
    doi         = {10.1029/2005JD006687}
}

@article{Icecube13ice,
    author      = {Aartsen, Mark G. and others},
    authortype  = {IceCube Collaboration},
    title       = {South Pole glacial climate reconstruction from multi-borehole laser particulate stratigraphy},
    journal     = {Journal of Glaciology},
    volume      = 59,
    pages       = {1117-1128},
    year        = 2013,
    doi         = {10.3189/2013JoG13J068}
}
