% references for the muon generation processes

% references for air shower physics

@article{Greisen66GZK,
    author      = {Greisen, Kenneth Ingvard},
    title       = {End to the Cosmic-Ray Spectrum?},
    journal     = {Physical Review Letters},
    year        = 1966,
    volume      = 16,
    pages       = {748-750},
    doi         = {10.1103/PhysRevLett.16.748}
}

@article{Zatsepin66GZK,
    author      = {Zatsepin, Georgiy Timofeyevich and Kuz'min, Vadim Alekseyevich},
    title       = {Upper Limit of the Spectrum of Cosmic Rays},
    journal     = {Journal of Experimental and Theoretical Physics Letters},
    year        = 1966,
    volume      = 4,
    pages       = {78-80}
}

@book{Gaisser16CR,
    author      = {Gaisser, Thomas K. and Engel, Ralph and Resconi, Elisa},
    title       = {Cosmic Rays and Particle Physics},
    year        = 2016,
    publisher   = {Cambridge University Press},
    isbn        = {978-0-521-01646-9},
    edition     = {2}
}

@article{Engel11EAS,
    author      = {Engel, Ralph and Heck, Dieter and Pierog, Tanguy},
    title       = {Extensive Air Showers and Hadronic Interactions at High Energy},
    journal     = {Annual Review of Nuclear and Particle Science},
    year        = 2011,
    volume      = 61,
    pages       = {467-489},
    doi         = {10.1146/annurev.nucl.012809.104544}
}

@article{Krause15ICRC,
    author      = {Krause, Maria},
    title       = {High energy astroparticle physics for high school students},
    journal     = {Proceedings of Science},
    issuetitle  = {Proceedings of the 34th International Cosmic Ray Conference (ICRC 2015), Den Haag},
    volume      = 236,
    number      = {304},
    year        = 2015,
    doi         = {10.22323/1.236.0304}
}

@article{Dembinski17GSF,
    author      = {Dembinski, Hans Peter and others},
    title       = {Data-driven model of the cosmic-ray flux and mass composition from 10 GeV to $10^{11}$ GeV},
    journal     = {Proceedings of Science},
    issuetitle  = {Proceedings of the 35th International Cosmic Ray Conference (ICRC 2017), Busan},
    volume      = 301,
    number      = {533},
    year        = 2018,
    eprint      = {1711.11432},
    eprinttype  = {arXiv},
    doi         = {10.22323/1.301.0533}
}

@article{Dembinski19MuonPuzzle,
    author      = {Dembinski, Hans Peter and others},
    title       = {Report on Tests and Measurements of Hadronic Interaction Properties with Air Showers},
    journal     = {EPJ Web of Conferences},
    issuetitle  = {Proceedings of the 5th Conference on Ultra High Energy Cosmic Rays (UHECR 2018), Paris},
    volume      = 210,
    pages       = {02004},
    year        = 2019,
    eprint      = {1902.08124},
    eprinttype  = {arXiv},
    doi         = {10.1051/epjconf/201921002004}
}

@article{Becherini06,
    author      = {Becherini, Y. and others},
    title       = {A Parameterisation of single and multiple muons in the deep water or ice},
    journal     = {Astroparticle Physics},
    year        = 2006,
    volume      = 25,
    pages       = {1-13},
    eprint      = {hep-ph/0507228},
    eprinttype  = {arXiv},
    doi         = {10.1016/j.astropartphys.2005.10.005}
}

% references for neutrino physics

@article{Usman15,
    author      = {Usman, Shawn M. and others},
    title       = {AGM2015: Antineutrino Global Map 2015},
    journal     = {Nature Scientific Reports},
    year        = 2015,
    volume      = 5,
    pages       = {13945},
    eprint      = {1509.03898},
    eprinttype  = {arXiv},
    doi         = {10.1038/srep13945}
}

@article{Vitagliano20,
    author      = {Vitagliano, Edoardo and Tamborra, Irene and Raffelt, Georg},
    title       = {Grand Unified Neutrino Spectrum at Earth: Sources and Spectral Components},
    journal     = {Reviews of Modern Physics},
    year        = 2020,
    volume      = 92,
    pages       = {045006},
    eprint      = {1910.11878},
    eprinttype  = {arXiv},
    doi         = {10.1103/RevModPhys.92.045006}
}

@article{KatzSpiering12,
    author      = {Katz, Uli F. and Spiering, Christian},
    title       = {High-energy neutrino astrophysics: Status and perspectives},
    journal     = {Progress in Particle and Nuclear Physics},
    year        = 2012,
    volume      = 67,
    pages       = {651-701},
    eprint      = {1111.0507},
    eprinttype  = {arXiv},
    doi         = {10.1016/j.ppnp.2011.12.001}
}

@article{Wolfenstein79,
    author      = {Wolfenstein, Lincoln},
    title       = {Neutrino oscillations in matter},
    journal     = {Physical Review D},
    year        = 1978,
    volume      = 17,
    pages       = {2369-2374},
    doi         = {10.1103/PhysRevD.17.2369}
}

@article{Mikheyev85,
    author      = {Mikheyev, Stanislav Pavlovich and Smirnov, Alexei Yuryevich},
    title       = {Resonance enhancement of oscillations in matter and solar neutrino spectroscopy},
    journal     = {Soviet Journal of Nuclear Physics},
    year        = 1985,
    volume      = 42,
    pages       = {913–917}
}

@article{Pakvasa08,
    author      = {Pakvasa, Sandip and Rodejohann, Werner and Weiler, Thomas J.},
    title       = {Flavor ratios of astrophysical neutrinos: implications for precision measurements},
    journal     = {Journal of High Energy Physics},
    year        = 2008,
    volume      = 02,
    pages       = {005},
    eprint      = {0711.4517},
    eprinttype  = {arXiv},
    doi         = {10.1088/1126-6708/2008/02/005}
}

@article{Glashow60,
    author      = {Glashow, Sheldon Lee},
    title       = {Resonant Scattering of Antineutrinos},
    journal     = {Physical Review},
    year        = 1960,
    volume      = 118,
    pages       = {316–317},
    doi         = {10.1103/PhysRev.118.316}
}

@article{Barger14,
    author      = {Barger, V. and others},
    title       = {Glashow resonance as a window into cosmic neutrino sources},
    journal     = {Physical Review D},
    year        = 2014,
    volume      = 90,
    pages       = {121301},
    eprint      = {1407.3255},
    eprinttype  = {arXiv},
    doi         = {10.1103/PhysRevD.90.121301}
}

@article{Biehl17,
    author      = {Biehl, Daniel and others},
    title       = {Astrophysical Neutrino Production Diagnostics with the Glashow Resonance},
    journal     = {Journal of Cosmology and Astroparticle Physics},
    year        = 2017,
    volume      = 1701,
    pages       = {033},
    eprint      = {1611.07983},
    eprinttype  = {arXiv},
    doi         = {10.1088/1475-7516/2017/01/033}
}

@inproceedings{Panknin09ICRC,
    author      = {Panknin, Sebastian and others},
    title       = {Muon Production of Hadronic Particle Showers in Ice and Water},
    eventtitle  = {Proceedings of the 31st International Cosmic Ray Conference},
    location    = {\L{}\'{o}d\'{z}, Poland},
    year        = 2009
}

@article{Barr06,
    author      = {Barr, Giles David and others},
    title       = {Uncertainties in Atmospheric Neutrino Fluxes},
    journal     = {Physical Review D},
    year        = 2006,
    volume      = 74,
    pages       = {094009},
    eprint      = {astro-ph/0611266},
    eprinttype  = {arXiv},
    doi         = {10.1103/PhysRevD.74.094009}
}


@online{Albrecht21MuonPuzzle,
    author      = {Albrecht, Johannes and others},
    title       = {The Muon Puzzle in cosmic-ray induced air showers and its connection to the Large Hadron Collider},
    year        = 2021,
    eprint      = {2105.06148},
    eprinttype  = {arXiv}
}
