% references for the muon interaction processes

% muon capture
@article{Measday01,
    author      = {Measday, David F.},
    title       = {The nuclear physics of muon capture},
    journal     = {Physics Reports},
    volume      = 453,
    pages       = {243--409},
    year        = 2001,
    doi         = {10.1016/S0370-1573(01)00012-6}
}

% overview
@article{Lohmann85,
    author      = {Lohmann, Wolfgang and Kopp, Roberto and Voss, Rüdiger},
    title       = {Energy loss of muons in the energy range 1-10000 GeV},
    journal     = {CERN Yellow Reports},
    volume      = 85,
    number      = {3},
    year        = 1985,
    doi         = {10.5170/CERN-1985-003}
}

@article{Groom01,
    author      = {Groom, Donald E. and Mokhov, Nikolai V. and Striganov, Sergei I.},
    title       = {Muon stopping power and range tables 10 MeV-100 TeV},
    journal     = {Atomic Data and Nuclear Tables},
    volume      = 78,
    pages       = {183-356},
    year        = 2001,
    doi         = {10.1006/adnd.2001.0861},
    url         = {https://pdg.lbl.gov/AtomicNuclearProperties/}
}

@article{ICRU49,
    author      = {Berger, Martin J. and others},
    title       = {ICRU Report 49: Stopping Powers and Ranges for Protons and Alpha Particles},
    journal     = {Journal of the International Commission on Radiation Units and Measurements},
    volume      = {os-25},
    number      = {2},
    year        = 1993,
    doi         = {10.1093/jicru_os25.2.1}
}

% Uncertainties
@article{Kokoulin99,
    author      = {Kokoulin, Rostislav Pavlovich},
    title       = {Uncertainties in underground muon flux calculations},
    journal     = {Nuclear Physics B (Proc. Suppl.)},
    volume      = 70,
    pages       = {475-479},
    year        = 1999,
    doi         = {10.1016/S0920-5632(98)00475-7}
}

% Ionization

@article{Bethe30,
    author      = {Bethe, Hans},
    title       = {Zur Theorie des Durchgangs schneller Korpuskularstrahlen durch Materie},
    journal     = {Annalen der Physik},
    volume      = 397,
    pages       = {325-400},
    year        = 1930,
    doi         = {10.1002/andp.19303970303}
}

@book{Rossi52,
    author      = {Rossi, Bruno Benedetto},
    title       = {High Energy Particles},
    year        = 1952,
    publisher   = {Prentice-Hall, Inc.},
    isbn        = {978-0133873245}
}

@article{Sternheimer52,
    author      = {Sternheimer, R.M.},
    title       = {The Density Effect for the Ionization Loss in Various Materials},
    journal     = {Physical Review},
    volume      = 88,
    pages       = {851-859},
    year        = 1952,
    doi         = {10.1103/PhysRev.88.851},
    related     = {Sternheimer53},
}
@article{Sternheimer53,
    author      = {Sternheimer, R.M.},
    title       = {Erratum: The Density Effect for the Ionization Loss in Various Materials},
    journal     = {Physical Review},
    volume      = 89,
    pages       = {1309},
    year        = 1953,
    doi         = {10.1103/PhysRev.89.1309.2}
}

@article{Moller32,
    author      = {M\o{}ller, Christian},
    title       = {Zur Theorie des Durchgangs schneller Elektronen durch Materie},
    journal     = {Annalen der Physik},
    volume      = 406,
    pages       = {531-585},
    year        = 1932,
    doi         = {10.1002/andp.19324060506}
}

@article{Bhabha36,
    author      = {Bhabha, Homi Jehangir},
    title       = {The scattering of positrons by electrons with exchange on Dirac’s theory of the positron},
    journal     = {Proceedings of the Royal Sociaty A},
    volume      = 154,
    pages       = {195-206},
    year        = 1936,
    doi         = {10.1098/rspa.1936.0046}
}

@article{Rohrlich54,
    author      = {Rohrlich, F.},
    title       = {Positron-Electron Differences in Energy Loss and Multiple Scattering},
    journal     = {Physical Review},
    volume      = 93,
    pages       = {38-44},
    year        = 1954,
    doi         = {10.1103/PhysRev.93.38}
}

@techreport{Berger64,
    author      = {Berger, Martin J. and Seltzer, Stephen},
    title       = {Tables of energy losses and ranges of electrons and positrons},
    institution = {National Aeronautics and Space Administration},
    note        = {NASA Special Publication 3012},
    year        = 1964,
    url         = {https://ntrs.nasa.gov/citations/19650002905}
}

@article{Uehling54,
author = {Uehling, E.A.},
title = {Penetration of Heavy Charged Particles in Matter},
journal = {Annual Review of Nuclear Science},
volume = {4},
pages = {315-350},
year = {1954},
doi = {10.1146/annurev.ns.04.120154.001531}
}


% Bremsstrahlung

@article{Bethe34,
    author      = {Bethe, Hans Albrecht and Heitler, Walter Heinrich},
    title       = {On the Stopping of Fast Particles and on the Creation of Positive Electrons},
    journal     = {Proceedings of the Royal Society of London A},
    volume      = 146,
    number      = {856},
    pages       = {83-112},
    year        = 1934,
    doi         = {10.1098/rspa.1934.0140}
}

@article{Petrukhin68,
    author      = {Petrukhin, Anatoly Afanasievich and Shestakov, Vladislav Viktorovich},
    title       = {The influence of nuclear and atomic form factors on the muon bremsstrahlung cross section},
    journal     = {Canadian Journal of Physics},
    volume      = 46,
    pages       = {377-380},
    year        = 1968
}

@article{Bugaev77,
    author      = {Bugaev, E.V.},
    title       = {Effect of target recoil and excitation in bremsstrahlung and pair production processes},
    journal     = {Sov.Phys. - Journal of Experimental and Theoretical Physics},
    volume      = 45,
    pages       = {12-16},
    year        = 1977
}

@article{Kelner95Brems,
    author      = {Kelner, Stanislav Rikhardovich and Kokoulin, Rostislav Pavlovich and Petrukhin, Anatoly Afanasievich},
    title       = {About cross section for high-energy muon bremsstrahlung},
    journal     = {Moscow:Preprint/MEPhI},
    volume      = {024-95},
    year        = 1995
}

@article{Andreev94Brems,
    author      = {Andreev, Yu.M. and Bezrukov, L.B. and Bugaev, E.V.},
    title       = {Excitation of a Target in Muon Bremsstrahlung},
    journal     = {Physics of Atomic Nuclei},
    volume      = 57,
    pages       = {2066-2074},
    year        = 1994
}

@article{Kelner97Brems,
    author      = {Kelner, Stanislav Rikhardovich and Kokoulin, Rostislav Pavlovich and Petrukhin, Anatoly Afanasievich},
    title       = {Bremsstrahlung from muons scattered by atomic electrons},
    journal     = {Physics of Atomic Nuclei},
    volume      = 60,
    pages       = {576-583},
    year        = 1997
}

@article{Kelner99BremsDifract,
    author      = {Kelner, Stanislav Rikhardovich and Fedotov, A.M.},
    title       = {Diffractive Corrections to Bremsstrahlung from Muons},
    journal     = {Physics of Atomic Nuclei},
    volume      = 62,
    pages       = {272-280},
    year        = 1999
}

@phdthesis{Sandrock18PhD,
    author      = {Sandrock, Alexander},
    title       = {Higher-order corrections to the energy loss cross sections of high-energy muons},
    institution = {TU Dortmund},
    year        = 2018,
    doi         = {10.17877/DE290R-19810}
}

%
% Pair production
%

@inproceedings{Kokoulin69,
    author      = {Kokoulin, Rostislav Pavlovich and Petrukhin, Anatoly Afanasievich},
    title       = {Analysis of the cross-section of direct pair production by fast muons},
    eventtitle  = {Proceedings of the 11th International Conference on Cosmic Rays},
    location    = {Budapest, Hungary},
    volume      = 4,
    pages       = {277-284},
    year        = 1969
}

@inproceedings{Kokoulin71,
    author      = {Kokoulin, Rostislav Pavlovich and Petrukhin, Anatoly Afanasievich},
    title       = {Influence of the Nuclear Formfactor on the Cross-Section of Electron Pair Production by High Energy Muons},
    eventtitle  = {Proceedings of the 12th International Conference on Cosmic Rays},
    location    = {Hobart, Australia},
    volume      = 4,
    pages       = {2436-2444},
    year        = 1971
}

@article{Kelner98,
    author      = {Kelner, Stanislav Rikhardovich},
    title       = {Pair Production in Collisions between Muons and Atomic Electrons},
    journal     = {Physics of Atomic Nuclei},
    volume      = 61,
    pages       = {448-456},
    year        = 1998
}

@article{Kelner99RadLog,
    author      = {Kelner, Stanislav Rikhardovich and Kokoulin, Rostislav Pavlovich and Petrukhin, Anatoly Afanasievich},
    title       = {Radiation logarithm in the Hartree-Fock model},
    journal     = {Physics of Atomic Nuclei},
    volume      = 62,
    pages       = {1894-1898},
    year        = 1999
}

% muon pair production

@article{Kelner00,
    author      = {Kelner, Stanislav Rikhardovich and Kokoulin, Rostislav Pavlovich and Petrukhin, Anatoly Afanasievich},
    title       = {Direct Production of Muon Pairs by High-Energy Muons},
    journal     = {Physics of Atomic Nuclei},
    volume      = 63,
    pages       = {1603-1611},
    year        = 2000,
    doi         = {10.1134/1.1312894}
}

% Dielectric Effect, TM Effect

@article{TerMikaelian54,
    author      = {Ter-Mikaelian, Mikael Levonovich},
    journal     = {Doklady Akademii Nauk SSSR},
    year        = 1954,
    volume      = 94,
    pages       = {1033},
    related     = {TerMikaelian72},
    relatedstring = {Discussed in English in}
}

@book{TerMikaelian72,
    author      = {Ter-Mikaelian, Mikael Levonovich},
    title       = {High-energy electromagnetic processes in condensed media},
    year        = 1972,
    publisher   = {John Wiley \& Sons, Inc.},
    isbn        = {978-0471851905}
}

%
% inelastic nuclear interaction
%

% Vector Meson Dominance

@article{Schildknecht06,
    author      = {Schildknecht, Dieter},
    title       = {Vector Meson Dominance},
    journal     = {Acta Physica Polonica B},
    volume      = 37,
    pages       = {595-607},
    year        = 2006,
    eprinttype  = {arXiv},
    eprint      = {hep-ph/0511090}
}

@article{Caldwell79,
    author      = {Caldwell, D.O. and others},
    title       = {Measurement of Shadowing in Photon-Nucleus Total Cross Sections from 20 to 185 GeV},
    journal     = {Physical Review Letters},
    volume      = 42,
    pages       = {553-556},
    year        = 1979,
    doi         = {10.1103/PhysRevLett.42.553}
}

@phdthesis{Rhode18PhD,
    author      = {Rhode, Wolfgang},
    title       = {Untersuchung der Energiespektren hichenergetischer Muonen im Frejusdetektor},
    institution = {Bergische Universit/"at Wuppertal},
    year        = 1993
}

@article{Breitweg99ZEUS,
    author      = {Breitweg, J. and others},
    authortype  = {ZEUS Collaboration},
    title       = {ZEUS results on the measurement and phenomenology of $F_2$ at low $x$ and low $Q^2$},
    journal     = {The European Physical Journal C},
    volume      = 7,
    pages       = {609-630},
    year        = 1999,
    doi         = {10.1007/s100529901084}
}

% hard component (calculated in Bugaev03 and parameterised in Bugaev04)

@article{Bugaev03HardComponent,
    author      = {Bugaev, E.V. and Shlepin, Yu.V.},
    title       = {Photonuclear interaction of high energy muons and tau leptons},
    journal     = {Physical Review D},
    volume      = 67,
    pages       = {034027},
    year        = 2003,
    doi         = {10.1103/PhysRevD.67.034027},
    eprinttype  = {arXiv},
    eprint      = {hep-ph/0203096},
    related     = {Bugaev04HardComponent},
}

@article{Bugaev04HardComponent,
    author      = {Bugaev, E.V. and others},
    title       = {Propagation of $\tau$-neutrinos and $\tau$-leptons through the Earth and their detection in underwater/ice neutrino telescopes},
    journal     = {Astroparticle Physics},
    volume      = 21,
    pages       = {491-509},
    year        = 2004,
    doi         = {10.1016/j.astropartphys.2004.03.002},
    eprinttype  = {arXiv},
    eprint      = {hep-ph/0312295}
}

% Q^2 integration

@article{Abramowicz91,
    author      = {Abramowicz, Halina and others},
    title       = {A parametrization of $\sigma_{T}(\gamma^\ast p)$ above the resonance region for $Q^2 \leq 0$},
    journal     = {Physics Letters B},
    volume      = 269,
    pages       = {465-476},
    year        = 1991,
    doi         = {10.1016/0370-2693(91)90202-2}
}

@online{Abramowicz97,
    author      = {Abramowicz, Halina and Levy, Aharon},
    title       = {The ALLM Parametrization of $\sigma_{\mathrm{tot}}(\gamma^\ast p)$ - An Update},
    year        = 1997,
    eprinttype  = {arXiv},
    eprint      = {hep-ph/9712415}
}

@article{Butkevich02,
    author      = {Butkevich, A.V. and Mikheyev, S.P.},
    title       = {Cross Section of the Muon-Nuclear Inelastic Interaction},
    journal     = {Journal of Experimental and Theoretical Physics},
    volume      = 95,
    pages       = {11-25},
    year        = 2002,
    doi         = {10.1134/1.1499897},
    eprinttype  = {arXiv},
    eprint      = {hep-ph/0109060}
}

@article{Dutta01,
    author      = {Dutta, S. Iyer and others},
    title       = {Propagation of Muons and Taus at High Energies},
    journal     = {Physical Review D},
    volume      = 63,
    pages       = {094020},
    year        = 2001,
    doi         = {10.1103/PhysRevD.63.094020},
    eprinttype  = {arXiv},
    eprint      = {hep-ph/0012350}
}

