% references for the general APP/MMA introduction

@article{PDG20,
    author      = {Zyla, P.A. and others},
    authortype  = {Particle Data Group},
    title       = {Review of Particle Physics},
    journal     = {Progress of Theoretical and Experimental Physics},
    year        = 2020,
    pages       = {083C01},
    doi         = {10.1093/ptep/ptaa104}
}

% muon discovery
@article{Anderson36Muon,
    author      = {Anderson, Carl D. and Neddermeyer, Seth H.},
    title       = {Cloud Chamber Observations of Cosmic Rays at 4300 Meters Elevation and Near Sea-Level},
    journal     = {Physical Review},
    volume      = 50,
    pages       = {263--271},
    year        = 1936,
    doi         = {10.1103/PhysRev.50.263}
}

% CR discovery
@article{Hess12CRbirth,
    author      = {Hess, Victor Francis},
    title       = {Über Beobachtungen der durchdringenden Strahlung bei sieben Freiballonfahrten},
    journal     = {Physikalische Zeitschrift},
    volume      = 13,
    pages       = {1084-1091},
    year        = 1912
}

% Phothn/Proton Attenuation
@article{Hill18CosmicBg,
    author      = {Hill, Ryley and Masui, Kiyoshi W. and Scott, Douglas},
    title       = {The Spectrum of the Universe},
    journal     = {Applied Spectroscopy},
    volume      = 72,
    pages       = {663--688},
    year        = 2018,
    eprint      = {1802.03694},
    eprinttype  = {arXiv},
    doi         = {10.1177/0003702818767133}
}

@article{DeAngelis13Horizon,
    author      = {De Angelis, Alessandro and Galanti, Giorgio and Roncadelli, Marco},
    title       = {Transparency of the Universe to gamma rays},
    journal     = {Monthly Notices of the Royal Astronomical Society},
    volume      = 432,
    pages       = {3245--3249},
    year        = 2013,
    eprint      = {1302.6460},
    eprinttype  = {arXiv},
    doi         = {10.1093/mnras/stt684}
}

% Horizon of GW detectors
@techreport{LIGO20WhitePaper,
    author      = {LIGO Scientific Collaboration},
    title       = {Instrument Science White Paper 2020},
    number      = {LIGO-T2000407–v3},
    year        = 2020
}
