% references for the muon simulation techniques

% Monte-Carlo methods
@article{Lipari91,
    author      = {Lipari, Paolo and Stanev, Todor},
    title       = {Propagation of multi-Tev muons},
    journal     = {Physical Review D},
    volume      = 44,
    pages       = {3543-3554},
    year        = 1991,
    doi         = {10.1103/PhysRevD.44.3543}
}

% -----------------
% PROPOSAL
% -----------------

% theses about PROPOSAL
@thesis{Frantzen11Diplom,
    author      = {Frantzen, Katharina},
    title       = {Wirkungsquerschnitte in PROPOSAL - Beschreibung alter und Implementierung neuer Parametrisierungen},
    institution = {TU Dortmund},
    type        = {Diploma thesis},
    year        = 2011
}

@thesis{Schmitz11Diplom,
    author      = {Schmitz, Martin},
    title       = {Pr\"azisionsbetrachtung, Test und Erweiterungen f\"ur das auf Monte-Carlo Methoden basierende Leptonpropagationsprogramm PROPOSAL},
    institution = {TU Dortmund},
    type        = {Diploma thesis},
    year        = 2011
}

@thesis{Fuchs12Master,
    author      = {Fuchs, Tomasz},
    title       = {Leptonpropagation mit PROPOSAL unter Verwendung von Grafikprozessoren},
    institution = {TU Dortmund},
    type        = {Master's thesis},
    year        = 2012
}

@thesis{Geiselbrinck13Bachelor,
    author      = {Geisel-Brinck, Malte},
    title       = {Revision of the multiple scattering algorithms in PROPOSAL},
    institution = {TU Dortmund},
    type        = {Bachelor thesis},
    year        = 2013
}

@phdthesis{Koehne13PhD,
    author      = {K\"ohne, Jan-Hendrick},
    title       = {Der Leptonpropagator PROPOSAL},
    institution = {TU Dortmund},
    year        = 2013,
    doi         = {10.17877/DE290R-13191}
}

@thesis{Dunsch18Master,
    author      = {Dunsch, Mario},
    title       = {Make PROPOSAL great again},
    institution = {TU Dortmund},
    type        = {Master's thesis},
    year        = 2018
}

@thesis{Alameddine20Master,
    author      = {Alameddine, Jean-Marco},
    title       = {Simulation of rare processes and electromagnetic shower components within the Monte Carlo propagation library PROPOSAL},
    institution = {TU Dortmund},
    type        = {Master's thesis},
    year        = 2020
}

@thesis{Franz20Bachelor,
    author      = {Franz, Yascha Niklas},
    title       = {Untersuchung der Tauregeneration mit der Simulationsbibliothek PROPOSAL},
    institution = {TU Dortmund},
    type        = {Bachelor thesis},
    year        = 2020
}

@thesis{Sackel21Master,
    author      = {Sackel, Maximilian},
    title       = {blablabla to be published PROPOSAL},
    institution = {TU Dortmund},
    type        = {Master's thesis (to be published)},
    year        = 2021
}

@thesis{Gutjahr21Master,
    author      = {Gutjahr, Pascal},
    title       = {blablabla to be published Muon Defelction},
    institution = {TU Dortmund},
    type        = {Master's thesis (to be published)},
    year        = 2021
}

% papers and proceedings about PROPOSAL/MMC
@online{Chirkin04MMC,
    author      = {Chirkin, Dimitri and Rhode, Wolfgang},
    title       = {Propagating leptons through matter with Muon Monte Carlo (MMC)},
    year        = 2004,
    eprinttype  = {arXiv},
    eprint      = {hep-ph/0407075}
}

@article{Koehne13PROPOSAL,
    author      = {K\"ohne, Jan-Hendrick and others},
    title       = {PROPOSAL: A tool for propagation of charged leptons},
    journal     = {Computer Physics Communication},
    volume      = 184,
    pages       = {2070--2090},
    year        = 2013,
    doi         = {10.1016/j.cpc.2013.04.001}
}

@article{Dunsch19PROPOSAL,
    author      = {Dunsch, Mario and others},
    title       = {Recent improvements for the lepton propagator PROPOSAL},
    journal     = {Computer Physics Communication},
    volume      = 242,
    pages       = {132--144},
    year        = 2019,
    doi         = {10.17632/g478pjdcxy.1},
    eprinttype  = {arXiv},
    eprint      = {1002.0543}
}

@article{Alameddine20PROPOSAL,
    author      = {Alameddine, Jean-Marco and others},
    title       = {PROPOSAL: A library to propagate leptons and high energy photons},
    journal     = {Journal of Physics: Conference Series},
    issuetitle  = {Proceedings of the 5th International Conference on Particle Physics and Astrophysics (ICPPA 2020), Moscow},
    volume      = 1690,
    pages       = {012020},
    year        = 2020,
    doi         = {10.1088/1742-6596/1690/1/012020}
}



% ---------------------------
% other muon Simulation softwares
% ---------------------------

% MUSIC
@article{Antonioli97,
    author = {Antonioli, P. and others},
    title = {A three-dimensional code for muon propagation through the rock: MUSIC},
    journal = {Astroparticle Physics},
    volume = 7,
    pages = {357--368},
    year = 1997,
    doi = {10.1016/S0927-6505(97)00035-2},
    eprinttype = {arXiv},
    eprint = {hep-ph/9705408}
}

@article{Kudryavtseva99,
    author = {Kudryavtseva, V.A. and Korolkovab, E.V. and Spoonera, N.J.C.},
    title = {Narrow muon bundles from muon pair production in rock},
    journal = {Physics Letters B},
    volume = 471,
    pages = {251--256},
    year = 1999,
    doi = {10.1016/S0370-2693(99)01378-7},
    eprinttype = {arXiv},
    eprint = {hep-ph/9911493}
}

@article{Kudryavtsev09,
    author = {Kudryavtsev, V.A.},
    title = {Muon simulation codes MUSIC and MUSUN for underground physics},
    journal = {Computer Physics Communications},
    volume = 180,
    pages = {339--346},
    year = 2009,
    doi = {10.1016/j.cpc.2008.10.013},
    eprinttype = {arXiv},
    eprint = {0810.4635}
}

% MUM
@article{Sokalski01,
    author = {Sokalski, Igor A. and Bugaev, Edgar V. and Klimushinm, Sergey I.},
    title = {MUM: Flexible precise Monte Carlo algorithm for muon propagation through thick layers of matter},
    journal = {Physical Review D},
    volume = 64,
    pages = {074015},
    year = 2001,
    doi = {10.1103/PhysRevD.64.074015},
    eprinttype = {arXiv},
    eprint = {hep-ph/0010322}
}

% MUPAGE
@article{Carminati09,
    author = {Carminati, G. and Margiotta, A. and Spurio, M.},
    title = {MUons from PArametric formulas: A fast GEnerator of atmospheric muonbundles for neutrino telescopes (MUPAGE)},
    journal = {Nuclear Instruments and Methods in Physics Research Section A},
    volume = 602,
    pages = {95--97},
    year = 2009,
    doi = {10.1016/j.nima.2008.12.026}
}

% PUMA
@article{Niess17,
    author = {Niess, Valentin and others},
    title = {Backward Monte-Carlo applied to muon transport},
    journal = {Computer Physics Communications},
    volume = 229,
    pages = {54--67},
    year = 2018,
    doi = {10.1016/j.cpc.2018.04.001},
    eprinttype = {arXiv},
    eprint = {1705.05636}
}

% -------------------------------------
% tau decay MC simulations TAUOLA
% -------------------------------------

@article{Jadach91,
    author = {Jadach, Stanislaw and K{\"{u}}hn, Johann H. and W{\c{a}}s, Zbigniew},
    title = {TAUOLA - a library of Monte Carlo programs to simulate decays of polarized Ï„ leptons},
    journal = {Computer Physics Communications},
    volume = 64,
    pages = {275--299},
    year = 1991,
    doi = {10.1016/0010-4655(91)90038-M}
}
@article{Jadach93,
    author = {Jadach, S. and others},
    title = {The $\tau$ decay library TAUOLA, version 2.4},
    journal = {Computer Physics Communications},
    volume = 76,
    pages = {361--380},
    year = 1993,
    doi = {10.1016/0010-4655(93)90061-G}
}
@article{Davidson12,
    author = {Davidson, N. and others},
    title = {Universal interface of TAUOLA: Technical and physics documentation},
    journal = {Computer Physics Communications},
    volume = 183,
    pages = {821--843},
    year = 2012,
    doi = {10.1016/j.cpc.2011.12.009},
    eprinttype = {arXiv},
    eprint = {1002.0543}
}
@article{Chrzaszcz16,
    author = {Chrzaszcz, M. and others},
    title = {TAUOLA of tau lepton decays - framework for hadronic currents, matrix elements and anomalous decays},
    journal = {Computer Physics Communications},
    volume = 232,
    pages = {220--236},
    year = 2018,
    doi = {10.1016/j.cpc.2018.05.017},
    eprinttype = {arXiv},
    eprint = {1609.04617}
}

% ---------------------------
% big Simulation softwares
% ---------------------------

% GEANT4
@article{Agostinelli03,
    author = {Agostinelli, S. and others},
    title = {Geant4 - A simulation toolkit},
    journal = {Nuclear Instruments and Methods in Physics Research},
    volume = 506,
    pages = {250--303},
    year = 2003,
    doi = {10.1016/S0168-9002(03)01368-8}
}

@article{Allison06,
    author = {Allison, J. and others},
    title = {Geant4 developments and applications},
    journal = {IEEE Transactions on Nuclear Science},
    volume = 53,
    pages = {270--278},
    year = 2006,
    doi = {10.1109/TNS.2006.869826}
}

@article{Allison16,
    author = {Allison, J. and others},
    title = {Recent developments in Geant4},
    journal = {Nuclear Instruments and Methods in Physics Research},
    volume = 835,
    pages = {186--225},
    year = 2016,
    doi = {10.1016/j.nima.2016.06.125}
}

@manual{GEANT4,
    editor = {GEANT4 Collaboration},
    title = {GEANT4 Physics Reference Manual},
    edition = {10.6},
    year = 2019
}

% CORSIKA
@techreport{CORSIKA,
    author = {Heck, Dieter and others},
    title = {CORSIKA: A Monte Carlo Code to Simulate Extensive Air Showers},
    institution = {Forschungszentrum Karlsruhe},
    number = 6019,
    year = 1998
}

@article{Engel19,
    author = {Engel, Ralph and others},
    title = {Towards A Next Generation of CORSIKA: A Framework for the Simulation of Particle Cascades in Astroparticle Physics},
    journal = {Computing and Software for Big Science},
    volume = 3,
    pages = {1-12},
    year = 2019,
    doi = {10.1007/s41781-018-0013-0}
}

% EGS4/5


@techreport{EGS5,
    author = {Hirayama, Hideo and others},
    title = {The EGS5 code system},
    institution = {Stanford Linear Accelerator Center},
    note = {SLAC-Report-730, KEK-Report-2005-8},
    year = 2005,
    doi = {10.2172/877459}
}


% Matrix Cascade Equation

@article{Bergmann07CONEX,
    author      = {Bergmann, T. and others},
    title       = {One-dimensional Hybrid Approach to Extensive Air Shower Simulation},
    journal     = {Astroparticle Physics},
    volume      = 26,
    pages       = {420-432},
    year        = 2007,
    eprint      = {astro-ph/0606564},
    eprinttype  = {arXiv},
    doi         = {10.1016/j.astropartphys.2006.08.005}
}

@article{Fedynitch15MCEq,
    author      = {Fedynitch, Anatoli and others},
    title       = {Calculation of conventional and prompt lepton fluxes at very high energy},
    journal     = {EPJ Web of Conferences},
    issuetitle  = {Proceedings of the 18th International Symposium on Very High Energy Cosmic Ray Interactions (ISVHECRI 2014), Geneva},
    volume      = 99,
    pages       = {08001},
    year        = 2015,
    eprint      = {1503.00544},
    eprinttype  = {arXiv},
    doi         = {10.1051/epjconf/20159908001}
}

@online{MeighenBerger19EMCa,
    author      = {Meighen-Berger, Stephan and Fedynitch, Anatoli and Huber, Matthias},
    title       = {EmCa - Electromagnetic-Cascades Simulation Package},
    year        = 2019,
    eprinttype  = {arXiv},
    eprint      = {1907.06924},
    url         = {https://gitlab.com/stephan.meighenberger/emca},
    note        = {To get access to the currently private repository ask the main author \href{mailto:stephan.meighenberger@gmail.com}{Stephan Meighen-Berger}.}
}

@article{MeighenBerger19ICRC,
    author      = {Meighen-Berger, Stephan and Li, Mingyang},
    title       = {Atmospheric muons from electromagnetic cascades},
    journal     = {Proceedings of Science},
    issuetitle  = {Proceedings of the 36th International Cosmic Ray Conference (ICRC 2019), Madison},
    volume      = 358,
    number      = {961},
    year        = 2019,
    eprint      = {1910.05984},
    eprinttype  = {arXiv}
}

% radio Neutrino Simulation

@article{Glaser20nuRadioMC,
    author      = {Glaser, Christian and others},
    title       = {NuRadioMC: Simulating the radio emission of neutrinos from interaction to detector},
    journal     = {European Physical Journal C},
    volume      = 80,
    pages       = {77},
    year        = 2020,
    eprint      = {1906.01670},
    eprinttype  = {arXiv},
    doi         = {10.1140/epjc/s10052-020-7612-8}
}

% IceCube

@article{IceCube2019SnowStorm,
    author      = {M. G. Aartsen and others},
    title       = {Efficient propagation of systematic uncertainties from calibration to analysis with the SnowStorm method in IceCube},
    journal     = {Journal of Cosmology and Astroparticle Physics},
    volume      = 10,
    pages       = {048},
    year        = 2019,
    eprint      = {1909.01530},
    eprinttype  = {arXiv},
    doi         = {10.1088/1475-7516/2019/10/048}
}

