
@article{cmake,
    author = {Martin, Ken and Hoffman, Bill},
    title = {An Open Source Approach to Developing Software in a Small Organization},
    year = {2007},
    volume = {24},
    doi = {10.1109/MS.2007.5},
    journal = {IEEE Software},
    pages   = {46--53},
}

@book{python3,
    author    = {Van Rossum, Guido and Drake, Fred L.},
    title     = {Python 3 Reference Manual},
    year      = {2009},
    isbn      = {1441412697},
    publisher = {CreateSpace},
    address   = {Scotts Valley, CA}
} 

@article{NumPy,
    author  = {Harris, Charles R. and others},
    title   = {Array programming with {NumPy}},
    journal = {Nature},
    year    = {2020},
    volume  = {585},
    pages   = {357â€“362},
    doi     = {10.1038/s41586-020-2649-2}
}

@article{SciPy,
    author  = {Virtanen, Pauli and others},
    title   = {{SciPy} 1.0: Fundamental Algorithms for Scientific Computing in Python},
    journal = {Nature Methods},
    year    = {2020},
    volume  = {17},
    pages   = {261--272},
    doi     = {10.1038/s41592-019-0686-2},
} 

@article{Matplotlib,
    author  = {Hunter, John D.},
    title   = {Matplotlib: A 2D graphics environment},
    journal = {Computing in Science \& Engineering},
    volume  = {9},
    pages   = {90--95},
    year    = {2007},
    doi     = {10.1109/MCSE.2007.55},
}

@article{tqdm,
    author  = {da Costa-Luis, Casper O.},
    title   = {`tqdm`: A Fast, Extensible Progress Meter for Python and CLI},
    journal = {Journal of Open Source Software},
    volume  = {4},
    pages   = {1277},
    year    = {2019},
    doi     = {10.21105/joss.01277},
}

@article{emcee,
    author     = {Foreman-Mackey, D. and others},
    title      = {emcee: The MCMC Hammer},
    journal    = {Publications of the Astronomical Society of the Pacific},
    volume     = 125,
    pages      = {306--312},
    year       = 2013,
    eprint     = {1202.3665},
    eprinttype = {arXiv},
    doi        = {10.1086/670067}
}

@article{ipython,
    author    = {P\'erez, Fernando and Granger, Brian E.},
    title     = {{IP}ython: a System for Interactive Scientific Computing},
    journal   = {Computing in Science and Engineering},
    volume    = {9},
    pages     = {21--29},
    year      = 2007,
    doi       = {10.1109/MCSE.2007.53},
}

@misc{tensorflow,
    title   = {{TensorFlow}: Large-Scale Machine Learning on Heterogeneous Systems},
    note    = {Software available from tensorflow.org},
    author  = {Mart\'{\i}n~Abadi and others},
    year    = {2015},
}

@misc{proposal_zenodo,
  author = {Alameddine, Jean-Marco and others},
  title  = {tudo-astroparticlephysics/PROPOSAL: Zenodo},
  year   = 2021,
  doi    = {10.5281/zenodo.1484180}
}